<?xml version="1.0" encoding="UTF-8"?><collection xmlns="http://www.loc.gov/MARC21/slim"><record><leader>00446nam--2200169-i-4500</leader><controlfield tag="001">000003746</controlfield><controlfield tag="002">20161230</controlfield><controlfield tag="005">20161230201025</controlfield><controlfield tag="008">060222s1000------------r-----000-0-eng-d</controlfield><datafield ind1=" " ind2=" " tag="080"><subfield code="a">534.321.9</subfield></datafield><datafield ind1="1" ind2=" " tag="100"><subfield code="a">Carlin, Benson</subfield></datafield><datafield ind1="1" ind2="0" tag="245"><subfield code="a">Ultrasonics</subfield><subfield code="c">Benson carlin</subfield></datafield><datafield ind1=" " ind2=" " tag="250"><subfield code="a">First Edition, Second Impression</subfield></datafield><datafield ind1=" " ind2=" " tag="260"><subfield code="a">New York, Mcgraw-hill Book Company, 1949</subfield></datafield><datafield ind1=" " ind2=" " tag="300"><subfield code="a">XI + 270 P</subfield></datafield><datafield ind1=" " ind2=" " tag="852"><subfield code="a">1280</subfield><subfield code="c">534</subfield></datafield><datafield ind1=" " ind2=" " tag="CAT"><subfield code="a">Sys</subfield><subfield code="c">20101005</subfield><subfield code="h">123941</subfield></datafield></record></collection>